@inproceedings{nericell,
 author = {Mohan, Prashanth and Padmanabhan, Venkata N. and Ramjee, Ramachandran},
 title = {Nericell: rich monitoring of road and traffic conditions using mobile smartphones},
 booktitle = {Proceedings of the 6th ACM conference on Embedded network sensor systems},
 series = {SenSys '08},
 year = {2008},
 isbn = {978-1-59593-990-6},
 location = {Raleigh, NC, USA},
 pages = {323--336},
 numpages = {14},
 url = {http://doi.acm.org/10.1145/1460412.1460444},
 doi = {http://doi.acm.org/10.1145/1460412.1460444},
 acmid = {1460444},
 publisher = {ACM},
 address = {New York, NY, USA},
 keywords = {mobile phones, roads, sensing, traffic},
} 
@inproceedings{autowitness,
 author = {Guha, Santanu and Plarre, Kurt and Lissner, Daniel and Mitra, Somnath and Krishna, Bhagavathy and Dutta, Prabal and Kumar, Santosh},
 title = {AutoWitness: locating and tracking stolen property while tolerating GPS and radio outages},
 booktitle = {Proceedings of the 8th ACM Conference on Embedded Networked Sensor Systems},
 series = {SenSys '10},
 year = {2010},
 isbn = {978-1-4503-0344-6},
 location = {Z\ürich, Switzerland},
 pages = {29--42},
 numpages = {14},
 url = {http://doi.acm.org/10.1145/1869983.1869988},
 doi = {http://doi.acm.org/10.1145/1869983.1869988},
 acmid = {1869988},
 publisher = {ACM},
 address = {New York, NY, USA},
 keywords = {burglar tracking, inertial navigation, theft detection},
} 

@Misc{euler,
 title = {Euler Angles},
 howpublished = {\url{http://en.wikipedia.org/wiki/Euler_angles}}
 
}
@Misc{sensormanager,
title = {Sensor Manager Documentation},
howpublished = {\url{http://hi-android.info/src/android/hardware/SensorManager.java.html}},
localfile = {},
}
@Misc{rm,
 title = {Rotation Matrix},
 howpublished = {\url{http://en.wikipedia.org/wiki/Rotation_matrix}},
 localfile = {},
}

@Misc{its,
 title = {Intelligent Transportation Systems},
 howpublished = {\url{http://its.dot.gov}},
 localfile = {},
}

@Misc{declination,
 title = {Geomagnetic Field},
 howpublished = {\url{http://hi-android.info/src/android/hardware/GeomagneticField.java.html}},
 localfile = {},
}


@inproceedings{roadtraffic,
  author = {Valerio, Danilo and Witek, Tobias and Ricciato, Fabio and Pilz, René and Wiedermann, Werner},
  booktitle = {PIMRC},
  crossref = {conf/pimrc/2009},
  interhash = {93a6e010e57dfb1b14794a317b172c37},
  intrahash = {bfb1dcd89ddac29e2086106735767232},
  pages = {3035-3039},
  publisher = {IEEE},
  title = {Road traffic estimation from cellular network monitoring: A hands-on investigation.},
  url = {http://dblp.uni-trier.de/db/conf/pimrc/pimrc2009.html#ValerioWRPW09},
  year = 2009,
  timestamp = {2011-02-24T00:00:00.000+0100},
  keywords = {dblp},
  ee = {http://dx.doi.org/10.1109/PIMRC.2009.5450193},
  added-at = {2011-02-24T00:00:00.000+0100},
  biburl = {http://www.bibsonomy.org/bibtex/2bfb1dcd89ddac29e2086106735767232/dblp}
}



@inproceedings{hop,
  author    = {Rijurekha Sen and
               Bhaskaran Raman and
               Prashima Sharma},
  title     = {Horn-ok-please},
  booktitle = {MobiSys},
  year      = {2010},
  pages     = {137-150},
  ee        = {http://doi.acm.org/10.1145/1814433.1814449},
  crossref  = {DBLP:conf/mobisys/2010},
  bibsource = {DBLP, http://dblp.uni-trier.de}
}

@inproceedings{rss,
  author    = {Rijurekha Sen and
               Pankaj Siriah and
               Bhaskaran Raman},
  title     = {RoadSoundSense: Acoustic sensing based road congestion monitoring
               in developing regions},
  booktitle = {SECON},
  year      = {2011},
  pages     = {125-133},
  ee        = {http://dx.doi.org/10.1109/SAHCN.2011.5984883},
  crossref  = {DBLP:conf/secon/2011},
  bibsource = {DBLP, http://dblp.uni-trier.de}
}

@INPROCEEDINGS{sttraffic,
    author = {Jungkeun Yoon and Brian Noble and Mingyan Liu},
    title = {Surface street traffic estimation},
    booktitle = {MobiSys},
    year = {2007},
    pages = {220--232},
    publisher = {ACM}
}

@inproceedings{pp,
   author =       {Jakob Eriksson and Lewis Girod and Bret Hull and Ryan Newton and Samuel Madden and Hari Balakrishnan},
   title =        {The Pothole Patrol: Using a Mobile Sensor Network for Road Surface Monitoring},
   booktitle =    {The Sixth Annual International conference on Mobile Systems, Applications and Services (MobiSys 2008)},
   year =         {2008},
   month =        {June},
   address =      {Breckenridge, U.S.A.}
}


@INPROCEEDINGS{ cartel,
AUTHOR = "Vladimir Bychkovsky and Kevin Chen and Michel Goraczko and Hongyi Hu and Bret Hull and Allen Miu and Eugene Shih and Yang Zhang and Hari Balakrishnan and Samuel Madden",
TITLE = "The CarTel mobile sensor computing system.",
booktitle = "SenSys'06",
PAGES = {383-384},
YEAR = {2006}  }



@inproceedings{jigsaw,
 author = {Lu, Hong and Yang, Jun and Liu, Zhigang and Lane, Nicholas D. and Choudhury, Tanzeem and Campbell, Andrew T.},
 title = {The Jigsaw continuous sensing engine for mobile phone applications},
 booktitle = {Proceedings of the 8th ACM Conference on Embedded Networked Sensor Systems},
 series = {SenSys '10},
 year = {2010},
 isbn = {978-1-4503-0344-6},
 location = {Z\ürich, Switzerland},
 pages = {71--84},
 numpages = {14},
 url = {http://doi.acm.org/10.1145/1869983.1869992},
 doi = {http://doi.acm.org/10.1145/1869983.1869992},
 acmid = {1869992},
 publisher = {ACM},
 address = {New York, NY, USA},
 keywords = {activity recognition, machine learning, mobile phone sensing, power management},
} 

@INPROCEEDINGS{magneto,
author={Huyghe, B. and Doutreloigne, J. and Vanfleteren, J.},
booktitle={Sensors Applications Symposium, 2009. SAS 2009. IEEE}, title={3D orientation tracking based on unscented Kalman filtering of accelerometer and magnetometer data},
year={2009},
month={feb.},
volume={},
number={},
pages={148 -152},
keywords={3D orientation tracking;accelerometer data;gravity vectors;magnetic field vectors;magnetometer data;unscented Kalman filtering;Kalman filters;accelerometers;magnetometers;spatial variables measurement;tracking filters;},
doi={10.1109/SAS.2009.4801796},
ISSN={},}




@Misc{andr,
 title = {Android Developer Guide},
 howpublished = {\url{http://developer.android.com/reference/android/hardware/SensorEvent.html}},
 localfile = {},
}

@Misc{kmeans,
 title = {K-means clustering},
 howpublished = {\url{http://en.wikipedia.org/wiki/K-means_clustering}},
 localfile = {},
}

@Misc{svm,
 title = {Support Vector Machine},
 howpublished = {\url{http://en.wikipedia.org/wiki/Support_vector_machine}},
 localfile = {},
}

@inproceedings{soundsense,
 author = {Lu, Hong and Pan, Wei and Lane, Nicholas D. and Choudhury, Tanzeem and Campbell, Andrew T.},
 title = {SoundSense: scalable sound sensing for people-centric applications on mobile phones},
 booktitle = {Proceedings of the 7th international conference on Mobile systems, applications, and services},
 series = {MobiSys '09},
 year = {2009},
 isbn = {978-1-60558-566-6},
 location = {Krak\&\#243;w, Poland},
 pages = {165--178},
 numpages = {14},
 url = {http://doi.acm.org/10.1145/1555816.1555834},
 doi = {http://doi.acm.org/10.1145/1555816.1555834},
 acmid = {1555834},
 publisher = {ACM},
 address = {New York, NY, USA},
 keywords = {audio processing, mobile phones, people centric sensing, sound classification, urban sensing},
} 

@Misc{rhr,
 title = {Right Hand Rule},
 howpublished = {\url{http://en.wikipedia.org/wiki/Right-hand_rule}},
 localfile = {},
}

@Misc{bearing,
 title = {Calculate Distance, Bearing and more between Latitude/Longitude Points},
 howpublished = {\url{http://www.movable-type.co.uk/scripts/latlong.html}},
 localfile = {},
}

@inproceedings{Carroll,
 author = {Carroll, Aaron and Heiser, Gernot},
 title = {An analysis of power consumption in a smartphone},
 booktitle = {Proceedings of the 2010 USENIX conference on USENIX annual technical conference},
 series = {USENIXATC'10},
 year = {2010},
 location = {Boston, MA},
 pages = {21--21},
 numpages = {1},
 url = {http://dl.acm.org/citation.cfm?id=1855840.1855861},
 acmid = {1855861},
 publisher = {USENIX Association},
 address = {Berkeley, CA, USA},
} 

@mastersthesis{mamir,
author={Amir Yosef, Mohamed},
title={Energy-Aware Location Provider for the Android Platform},
school={University of Alexandria, Egypt},
year={2010}
}

@Misc{hyd,
 title = {Traffic in hyderabad on a typical day},
 howpublished = {\url{http://www.hindu.com/thehindu/gallery/0463/046302.jpg}},
 localfile = {},
}

@Misc{mum,
 title = {Traffic in mumbai on a typical day},
 howpublished = {\url{http://my.opera.com/bentrein/albums/showpic.dml?album=667375&picture=9790309}},
 localfile = {},
}

@Misc{rm,
 title = {Rotation Matrix},
 howpublished = {\url{http://en.wikipedia.org/wiki/Rotation_matrix}},
 localfile = {},
}

@Book{ tempest,
author = { Shakespeare, William },
title = { The Tempest },
isbn = { 0140707131 },
year = {1611}
}

@Book{lamb,
author = {Lamb, Charles and Lamb, Mary},
title = {Tales from Shakespeare},
year = {1807},
}

@Book{gaimantempest,
author={Gaiman, Neil},
title={The Tempest (Sandman No. 75)},
year={1997},
publisher={DC Comics}
}

@Book{gaimanmnd,
author={Gaiman, Neil},
title={A Midsummer Night's Dream (Sandman No. 19)},
year={1997},
publisher={DC Comics}
}

@Book{tempestgraphicnovel,
title={The Tempest: The Graphic Novel},
author={Bryant, Clive and McDonald, John and Sutliff Sanders, Joe and Haward, John and Erskine, Gary and Dobbyn, Nigel},
year={2009},
publisher={Classical Comics Ltd}
}

@article{1989,
     jstor_articletype = {research-article},
     title = {Discourse and the Individual: The Case of Colonialism in "The Tempest"},
     author = {Skura, Meredith Anne},
     journal = {Shakespeare Quarterly},
     jstor_issuetitle = {},
     volume = {40},
     number = {1},
     jstor_formatteddate = {Spring, 1989},
     pages = {pp. 42-69},
     url = {http://www.jstor.org/stable/2870753},
     ISSN = {00373222},
     abstract = {},
     language = {English},
     year = {1989},
     publisher = {Folger Shakespeare Library in association with George Washington University},
     copyright = {Copyright © 1989 Folger Shakespeare Library},
    }
@article{sixcharacters,
author={Pendergast, John},
title={Six characters in search of Shakespeare: Neil Gaiman's Sandman and Shakespearian mythos},
journal={The Free Library},
year={2008}
}